<?xml version="1.0" encoding="UTF-8"?><collection xmlns="http://www.loc.gov/MARC21/slim"><record><leader>00499nam--2200193-i-4500</leader><controlfield tag="001">000019460</controlfield><controlfield tag="002">20161230</controlfield><controlfield tag="005">20170102233008</controlfield><controlfield tag="008">060222s1000------------r-----000-0-rum-d</controlfield><datafield ind1=" " ind2=" " tag="040"><subfield code="a">IFIN-HH</subfield></datafield><datafield ind1=" " ind2=" " tag="041"><subfield code="a">rum</subfield></datafield><datafield ind1=" " ind2=" " tag="080"><subfield code="a">532.546:539.217</subfield></datafield><datafield ind1="1" ind2=" " tag="100"><subfield code="a">Ene, Horia</subfield></datafield><datafield ind1="1" ind2="0" tag="245"><subfield code="a">Probleme in teoria filtratiei</subfield><subfield code="b">Horia Ene, Sorin Gogonea</subfield></datafield><datafield ind1=" " ind2=" " tag="260"><subfield code="a">Bucuresti</subfield><subfield code="b">Editura Academiei R.S.R</subfield><subfield code="c">1973</subfield></datafield><datafield ind1=" " ind2=" " tag="300"><subfield code="a">438 P</subfield></datafield><datafield ind1="1" ind2=" " tag="700"><subfield code="a">Gogonea, Sorin</subfield></datafield><datafield ind1=" " ind2=" " tag="852"><subfield code="a">40038</subfield><subfield code="c">532</subfield></datafield><datafield ind1=" " ind2=" " tag="CAT"><subfield code="a">SYS</subfield><subfield code="c">20170102</subfield><subfield code="h">233008</subfield></datafield></record></collection>